1595 2962
508 161 884 199 ...εκ-ἑτ-
1251 151 1339 204 VH

54 276 283 337 semper,
335 280 504 332 genus
542 267 740 329 absque
769 263 1074 315 charaetere
1102 266 1338 320 distineto

58 374 147 423 vel
190 369 415 435 speciem
465 368 658 428 absque
708 364 1004 413 differentia
1062 367 1339 419 sufficienti

56 484 383 541 proponere,
435 482 504 515 ne
533 468 585 514 in
610 464 878 530 pristinam
897 465 1187 518 barbariem
1218 479 1340 520 ruat

57 572 270 622 scientia
289 567 690 629 entomologica.

160 668 477 733 Synonyma
499 665 772 716 austorum
793 666 1173 730 praestantiora
1206 686 1235 718 e
1255 673 1339 735 sy·-

57 771 336 825 stematicis
367 775 422 816 et
465 767 861 832 ichniographis
899 769 1061 817 addidi
1097 776 1152 817 et
1179 770 1342 833 syste-

57 873 209 921 matis
243 870 445 933 saepius
469 883 695 916 erronea
721 867 1013 921 emendaui.
1084 867 1344 933 Synony-

56 974 161 1022 mia
213 976 361 1018 certe
390 1025 393 1029 ,
417 966 720 1017 difficillime
777 970 995 1017 eruitur.
1096 968 1345 1032 Requirit

56 1071 401 1138 plurimarum
446 1069 737 1134 specierum
772 1070 1133 1129 cognitionem
1175 1076 1231 1117 et
1267 1069 1346 1116 la-

57 1170 314 1220 boriosam
343 1169 702 1222 collationem,
735 1173 790 1215 et
820 1174 997 1216 tamen
1021 1169 1086 1216 ob
1117 1170 1346 1218 varieta-

2 1270 4 1273 ’
58 1276 145 1319 'tes
184 1276 239 1318 et
266 1269 507 1318 colorum
537 1265 933 1315 inconstantiam
963 1267 1166 1332 saepius
1195 1283 1346 1315 erro-

60 1385 163 1420 nea
182 1367 367 1420 euadit,
435 1366 583 1413 Loca
603 1365 811 1418 natalia,
832 1366 917 1412 vbi
947 1366 1107 1420 licuit,
1134 1367 1345 1431 semper

62 1469 250 1524 adieci,
290 1467 369 1517 vti
389 1471 443 1512 et
464 1464 697 1528 plantaS,
740 1465 924 1526 quibus
945 1462 1187 1514 vietitant
1209 1465 1347 1530 phy-

61 1567 292 1632 tiphaga.
369 1564 592 1614 Inservit
615 1562 1001 1616 collestoribus‚
1039 1568 1348 1613 oeconomis

63 1667 317 1728 fimulque
342 1666 482 1714 viam
506 1664 568 1713 ad
587 1665 949 1711 oeconomiam
971 1672 1192 1713 naturae
1216 1679 1348 1728 pan-

65 1766 155 1816 dit.
223 1762 547 1814 Collecfmres
568 1763 702 1812 haud
733 1777 920 1811 omnes
940 1765 993 1810 in
1014 1764 1096 1812 his
1122 1764 1244 1811 satis
1269 1780 1349 1811 ac-

68 1867 248 1915 curati.
317 1862 764 1929 Metamorphosis
785 1862 1103 1911 inseftorum
1132 1863 1350 1925 diligen-

66 1967 258 2015 tiorem
285 1962 659 2029 inspectionem
679 1971 929 2011 meretur.
979 1962 1156 2011 2P1ura
1181 1963 1348 2011 adhuc

68 2066 191 2114 sunt
213 2079 433 2129 genera,
464 2079 693 2127 quorum
718 2062 1154 2128 metamorphosis
1182 2063 1351 2111 adhuc

70 2166 287 2213 omnino
326 2164 485 2218 latet,
537 2180 671 2227 quae
712 2165 952 2227 inprimis
993 2163 1348 2225 entomologis

72 2265 290 2313 oculatis
328 2240 650 2312 commendo·
730 2263 908 2311 Larua
946 2268 1002 2309 et
1047 2278 1188 2326 pupa
1237 2261 1350 2326 spe-

49 2344 52 2374 ²
72 2366 271 2413 cierum
291 2365 446 2410 etiam
467 2362 817 2415 annotandae,
854 2369 918 2410 vt
937 2362 1146 2409 tandem
1171 2363 1352 2423 cogni=

73 2466 149 2512 bio
170 2462 343 2512 inseffi
367 2464 608 2511 omnibus
631 2462 870 2527 partibus
889 2461 1164 2527 completa.

1151 2659 1352 2710 Austo-
